<collection xmlns="http://www.loc.gov/MARC21/slim">
<record>
  <leader>00925nam0a22002291i 450 </leader>
  <controlfield tag="001">IT\ICCU\CNCE\033881</controlfield>
  <controlfield tag="005">20080520000000.0</controlfield>
  <datafield tag="012" ind1=" " ind2=" ">
    <subfield code="a">t.s; s.um o.ti s.re (C) 1587 (R)</subfield>
    <subfield code="2">fei</subfield>
  </datafield>
  <datafield tag="100" ind1=" " ind2=" ">
    <subfield code="a">19971223d1587        0itac0103    ba</subfield>
  </datafield>
  <datafield tag="101" ind1=" " ind2=" ">
    <subfield code="a">LAT</subfield>
  </datafield>
  <datafield tag="102" ind1=" " ind2=" ">
    <subfield code="a">IT</subfield>
  </datafield>
  <datafield tag="200" ind1="1" ind2=" ">
    <subfield code="a">In magni Hetruriae ducis II Fran. Med. funus carmina lugubria</subfield>
  </datafield>
  <datafield tag="210" ind1=" " ind2=" ">
    <subfield code="a">Florentiae</subfield>
    <subfield code="c">apud Bartholomaeum Sermartellium</subfield>
    <subfield code="d">1587</subfield>
  </datafield>
  <datafield tag="215" ind1=" " ind2=" ">
    <subfield code="a">\4! c.</subfield>
    <subfield code="d">4ʻ</subfield>
  </datafield>
  <datafield tag="300" ind1=" " ind2=" ">
    <subfield code="a">ANNULLATA !!! ACCORPATA AL CNC 9618 !!!</subfield>
  </datafield>
  <datafield tag="620" ind1=" " ind2=" ">
    <subfield code="a">IT</subfield>
    <subfield code="d">Firenze</subfield>
  </datafield>
  <datafield tag="700" ind1=" " ind2="0">
    <subfield code="a">Philodoxius</subfield>
    <subfield code="c"> : Diares</subfield>
    <subfield code="3">IT\ICCU\CNCA\009741</subfield>
  </datafield>
  <datafield tag="712" ind1="0" ind2="0">
    <subfield code="a">Sermartelli, Bartolomeo</subfield>
    <subfield code="c"> &lt;1.&gt;</subfield>
    <subfield code="3">IT\ICCU\CNCT\000160</subfield>
    <subfield code="4">650</subfield>
  </datafield>
  <datafield tag="790" ind1=" " ind2="0">
    <subfield code="a">Diarete</subfield>
    <subfield code="c"> : Filodozio</subfield>
    <subfield code="3">IT\ICCU\CNCA\023114</subfield>
    <subfield code="z">Philodoxius : Diares</subfield>
  </datafield>
  <datafield tag="791" ind1="0" ind2="2">
    <subfield code="a">Bartolomeo S. M.</subfield>
    <subfield code="3">IT\ICCU\CNCT\004089</subfield>
    <subfield code="z">Sermartelli, Bartolomeo &lt;1.&gt;</subfield>
  </datafield>
  <datafield tag="791" ind1="0" ind2="0">
    <subfield code="a">Sermartellius, Bartholomaeus</subfield>
    <subfield code="c"> &lt;1.&gt;</subfield>
    <subfield code="3">IT\ICCU\CNCT\005648</subfield>
    <subfield code="z">Sermartelli, Bartolomeo &lt;1.&gt;</subfield>
  </datafield>
  <datafield tag="801" ind1=" " ind2="3">
    <subfield code="a">IT</subfield>
    <subfield code="b">ICCU</subfield>
    <subfield code="c">20201114</subfield>
  </datafield>
</record>
</collection>
